@article{nargund2009declining,
  title={Declining birth rate in Developed Countries: A radical policy re-think is required},
  author={Nargund, Geeta},
  journal={Facts, views \& vision in ObGyn},
  volume={1},
  number={3},
  pages={191},
  year={2009},
  publisher={Vlaamse Vereniging voor Obstetrie en Gynaecologie}
}

@report{sensltvis,
  title={Senstanti Lietuvos visuomenÄ—},
  author={Strata},
  pages={47},
  year={2020}
}